<record><leader>00000cas a22000007a 4500</leader><controlfield tag="001">41638781</controlfield><controlfield tag="008">990701c19999999pauwr n       0   z0mal c</controlfield><controlfield tag="009">467</controlfield><datafield ind1=" " ind2=" " tag="010"><subfield code="a">sn 99008835 </subfield></datafield><datafield ind1=" " ind2=" " tag="040"><subfield code="a">NSD</subfield><subfield code="b">eng</subfield><subfield code="c">NSD</subfield><subfield code="d">OCLCQ</subfield></datafield><datafield ind1=" " ind2=" " tag="012"><subfield code="l">1</subfield><subfield code="m">0</subfield></datafield><datafield ind1="1" ind2=" " tag="022"><subfield code="a">1525-7533</subfield><subfield code="l">1525-7533</subfield><subfield code="2">1</subfield></datafield><datafield ind1="1" ind2=" " tag="029"><subfield code="a">AU@</subfield><subfield code="b">000020365345</subfield></datafield><datafield ind1=" " ind2=" " tag="037"><subfield code="b">Malayalam Vartha, P.O. Box 45222, Philadelphia, PA 19124</subfield><subfield code="c">$30.00</subfield></datafield><datafield ind1=" " ind2=" " tag="042"><subfield code="a">nsdp</subfield><subfield code="a">pcc</subfield></datafield><datafield ind1=" " ind2="0" tag="222"><subfield code="a">Malaya&#772;lam&#803; va&#772;rta&#772;</subfield></datafield><datafield ind1="0" ind2="0" tag="245"><subfield code="a">Malaya&#772;lam&#803; va&#772;rta&#772; =</subfield><subfield code="b">Malayalam vartha.</subfield></datafield><datafield ind1="3" ind2="1" tag="246"><subfield code="a">Malayalam vartha</subfield></datafield><datafield ind1=" " ind2=" " tag="260"><subfield code="a">Philadelphia, PA :</subfield><subfield code="b">Shalom Publications,</subfield><subfield code="c">1999-</subfield></datafield><datafield ind1=" " ind2=" " tag="300"><subfield code="a">v.</subfield></datafield><datafield ind1=" " ind2=" " tag="310"><subfield code="a">Weekly</subfield></datafield><datafield ind1="0" ind2=" " tag="362"><subfield code="a">Vol. 1, no. 1 (Apr. 28, 1999)-</subfield></datafield><datafield ind1=" " ind2=" " tag="752"><subfield code="a">United States</subfield><subfield code="b">Pennsylvania</subfield><subfield code="c">Philadelphia</subfield><subfield code="d">Philadelphia.</subfield></datafield></record>